@misc{rbs,
  title={Reactive Bisimulation Semantics for a Process Algebra with Time-Outs},
  author={Rob van Glabbeek},
  year={2020},
  eprint={2008.11499},
  archivePrefix={arXiv},
  primaryClass={cs.LO},
}
@article{vanglabbeek2021failure,
  title = {Failure Trace Semantics for a Process Algebra with Time-outs},
  author={van Glabbeek, Rob},
  journal={Logical Methods in Computer Science},
  volume={17},
  number={2},
  year={2021},
  pages={11:1--11:40},
  doi={10.23638/LMCS-17(2:11)2021},
  url={https://lmcs.episciences.org/7398},
}
@article{weber2021modal,
  author={Tjark Weber and Lars-Henrik Eriksson and Joachim Parrow and Johannes Borgström and Ramunas Gutkovas},
  title={Modal Logics for Nominal Transition Systems},
  journal={Archive of Formal Proofs},
  year= 2016,
  url={https://isa-afp.org/entries/Modal_Logics_for_NTS.html},
}
@article{keller76,
  title={Formal Verification of Parallel Programs},
  author={Keller, Robert M.},
  year={1976},
  volume={19},
  number={7},
  url={https://doi.org/10.1145/360248.360251},
  journal={Communications of the ACM},
  pages={371–384},
  doi={10.1145/360248.360251},
}
@article{hm85,
  author={Hennessy, Matthew and Milner, Robin},
  title={Algebraic Laws for Nondeterminism and Concurrency},
  year={1985},
  volume={32},
  number={1},
  journal={Journal of the ACM},
  pages={137-–161},
  doi={10.1145/2455.2460},
}
@incollection{harel85,
  author={Harel, David and Pnueli, Amir},
  editor={Apt, Krzysztof R.},
  title={On the Development of Reactive Systems},
  booktitle={Logics and models of concurrent systems},
  year={1985},
  publisher={Springer Berlin Heidelberg},
  pages={477--498},
  volume={13},
  doi={10.1007/978-3-642-82453-1_17},
}
@incollection{park81,
  author={Park, David},
  editor={Deussen, Peter},
  title={Concurrency and automata on infinite sequences},
  booktitle={Theoretical Computer Science},
  year={1981},
  publisher={Springer Berlin Heidelberg},
  pages={167--183},
  doi={10.1007/BFb0017309},
}
@book{resyst,
  title={Reactive systems: modelling, specification and verification},
  author={Aceto, Luca and Ingolfsdottir, Anna and Larsen, Kim Guldstrand and Srba, Jirí},
  year={2007},
  publisher={Cambridge University Press},
  doi={10.1017/CBO9780511814105},
}
@book{introBC,
  title={Introduction to bisimulation and coinduction},
  author={Sangiorgi, Davide},
  year={2012},
  publisher={Cambridge University Press},
  doi={10.1017/CBO9780511777110},
}
@incollection{advBC_algorithmics, 
  title={The algorithmics of bisimilarity}, 
  author={Aceto, Luca and Ingolfsdottir, Anna and Srba, Jirí}, 
  series={Cambridge Tracts in Theoretical Computer Science}, 
  booktitle={Advanced Topics in Bisimulation and Coinduction}, 
  publisher={Cambridge University Press}, 
  editor={Sangiorgi, Davide and Rutten, Jan}, 
  year={2011}, 
  pages={100–-172}, 
  doi={10.1017/CBO9780511792588.004}, 
}
@incollection{advBC_origins, 
  series={Cambridge Tracts in Theoretical Computer Science}, 
  title={Origins of bisimulation and coinduction}, 
  booktitle={Advanced Topics in Bisimulation and Coinduction}, 
  publisher={Cambridge University Press}, 
  author={Sangiorgi, Davide}, 
  editor={Sangiorgi, Davide and Rutten, Jan}, 
  year={2011}, 
  pages={1-–37}, 
  doi={10.1017/CBO9780511792588.002}, 
}
@InProceedings{bisping2019computing,
  title={Computing coupled similarity},
  author={Bisping, Benjamin and Nestmann, Uwe},
  editor={Vojnar, Tom{\'a}{\v{s}} and Zhang, Lijun},
  booktitle={Tools and Algorithms for the Construction and Analysis of Systems},
  year={2019},
  publisher={Springer International Publishing},
  pages={244--261},
  doi={10.1007/978-3-030-17462-0_14},
}
@misc{prog_prove,
  title={Programming and proving in {Isabelle}/{HOL}},
  author={Nipkow, Tobias},
  year={2021},
  month={February},
  url={https://isabelle.in.tum.de/doc/prog-prove.pdf},
  note = {Accessed on 07.06.2021}
}
@misc{isar_ref,
  title={The {Isabelle}/{Isar} Reference Manual},
  author={Wenzel, Makarius},
  year={2021},
  month={February},
  url={https://isabelle.in.tum.de/doc/isar-ref.pdf},
  note = {Accessed on 28.05.2021}
}
@misc{isa_system,
  title={The {Isabelle} System Manual},
  author={Wenzel, Makarius},
  year={2021},
  month={February},
  url={https://isabelle.in.tum.de/doc/system.pdf},
  note = {Accessed on 28.05.2021}
}
