@article{rbs,
  title={Reactive Bisimulation Semantics for a Process Algebra with Time-Outs},
  author={van Glabbeek, Rob},
  journal={arXiv preprint arXiv:2008.11499},
  year={2020},
}
@article{vanglabbeek2021failure,
  title={Failure trace semantics for a process algebra with time-outs},
  author={van Glabbeek, Rob},
  journal={Logical Methods in Computer Science},
  volume={17},
  year={2021},
}
@incollection{harel85,
  title={On the development of reactive systems},
  author={Harel, David and Pnueli, Amir},
  booktitle={Logics and models of concurrent systems},
  pages={477--498},
  year={1985},
  publisher={Springer},
}
@article{keller76,
  title={Formal verification of parallel programs},
  author={Keller, Robert M},
  journal={Communications of the ACM},
  volume={19},
  number={7},
  pages={371--384},
  year={1976},
}
@incollection{park81,
  title={Concurrency and automata on infinite sequences},
  author={Park, David},
  booktitle={Theoretical computer science},
  pages={167--183},
  year={1981},
  publisher={Springer}
}
@article{hm85,
  title={Algebraic laws for nondeterminism and concurrency},
  author={Hennessy, Matthew and Milner, Robin},
  journal={Journal of the ACM (JACM)},
  volume={32},
  number={1},
  pages={137--161},
  year={1985},
}

@book{resyst,
  title={Reactive systems: modelling, specification and verification},
  author={Aceto, Luca and Ingolfsdottir, Anna and Larsen, Kim Guldstrand and Srba, Jirí},
  year={2007},
  publisher={Cambridge University Press},
}
@book{introBC,
  title={Introduction to bisimulation and coinduction},
  author={Sangiorgi, Davide},
  year={2011},
  publisher={Cambridge University Press},
}

@incollection{advBC_algorithmics, 
    series={Cambridge Tracts in Theoretical Computer Science}, 
    title={The algorithmics of bisimilarity}, 
    DOI={10.1017/CBO9780511792588.004}, 
    booktitle={Advanced Topics in Bisimulation and Coinduction}, 
    publisher={Cambridge University Press}, 
    author={Aceto, Luca and Ingolfsdottir, Anna and Srba, Jirí}, 
    editor={Sangiorgi, Davide and Rutten, Jan}, 
    year={2011}, 
    pages={100–-172}, 
}
@incollection{advBC_origins, 
    series={Cambridge Tracts in Theoretical Computer Science}, 
    title={Origins of bisimulation and coinduction}, 
    DOI={10.1017/CBO9780511792588.002}, 
    booktitle={Advanced Topics in Bisimulation and Coinduction}, 
    publisher={Cambridge University Press}, 
    author={Sangiorgi, Davide}, 
    editor={Sangiorgi, Davide and Rutten, Jan}, 
    year={2011}, 
    pages={1-–37}, 
}
@mastersthesis{bisping2018computing,
  title={Computing coupled similarity},
  author={Bisping, Benjamin},
  year={2018},
  school={Technische Universit{\"a}t Berlin},
}
@misc{prog_prove,
  title={Programming and proving in {Isabelle}/{HOL}},
  author={Nipkow, Tobias},
  year={2021},
  month={February},
  url={https://isabelle.in.tum.de/doc/prog-prove.pdf},
  note = {Accessed on 07.06.2021}
}
@misc{isar_ref,
  title={The {Isabelle}/{Isar} Reference Manual},
  author={Wenzel, Makarius},
  year={2021},
  month={February},
  url={https://isabelle.in.tum.de/doc/isar-ref.pdf},
  note = {Accessed on 28.05.2021}
}
@misc{isa_system,
  title={The {Isabelle} System Manual},
  author={Wenzel, Makarius},
  year={2021},
  month={February},
  url={https://isabelle.in.tum.de/doc/system.pdf},
  note = {Accessed on 28.05.2021}
}
